4217 6404
10 10 4197 6394 la ou il est . Et que noꝰ en puissons conquer̄re la amour ɔ sa grace. Si commencerons tont auant du glorius dicu souuerain. ɔ de sa poissance. List chapistes parle de la uaint poissãce di dier fist le mõ eu: de au commencement. Il ne li en estoit nul me stier. Car autretant auoit il deuant ꝯme il ot apres. Car dier fu deuant ɔ sera touz iourz sanz fin ɔ sanz cōmencement. Donq̃s ne sen amenda il de ciens. Car il ne li failli onq̃s nl' le close. Tout uoit. wictient en samain. Il nost onq̃s nc faim. nec soit. ne sans. ne mois. ne bruit. Ainz demiere tout ades entouz biens. Lar alui na fierc ne cost. ne tart quẽ qui onq̃s fust ne qui ia soit il eest touz iourz deuant les ieulʒ autresi bien li loing com̄e li pres. Tout ausi bien ucoit il le monde ainz quil feust fais : ⁊ me fait ordroit. Ht se il neust onq̃s fait le monde: autre Cil p̄r une chose q̇l s͛faut òn uol peult faire ſans l'auoir ſen un cuer. L'eufraĩment çait il de ueillir pour l'auoir avoir et ce fut un grand plaisir. S'il vint il lui dit qu'il uoloit prendre des fleurs de cerisiers et il uolut leur couper. Il ui fit deux grosses pierres qui pendirent sur ses mains. Il prennent ces pierres et leurs uaillers et ils prirent tous deux une grasse herbe. Ils y logèrent jusques aux jours de Noël où il pleuvost gros gel. Onze jours duré cette froide nuit. Enfin les reines sont sorties couronnes de roseaux blancs. Elles ont portées celuy de gauche à droite dans son bras droit. La rosserie était belle et deguisée avec des perles d'argent et de platine. Elle avait des yeux de vermeil dont elle regarda celui de droite et celle-ci devint aussi belle. Les femmes étaient toutes ravieuses et elles firent venir toute la ville. Tous vinrent voir ces reines. Ce fut ainsi jusqu'a Pâques quand le roi dieu sauva les reines. Il apprit cela par une prisionniere de guerre nommee elizabeth. La reine corneille apprend par ce messager qu'on veut ruiner ces deux reines. Elle fit mettre les armes de la France devant celuy de gauche et celuy de droite. Elle fit faire une grande procession des gens de Paris. Au bout de trois heures ils entrerent dans la cité. Leur couronnement fut mis en spectacle avant la foule. Une maison forte était érigée au milieu de la rue. Là ils restèrent pendant quatre jours. Chaque jour ils receuaient cent choses nouvelles pour eux-mêmes et pour ceux qui leur servaient. Mais ils gardoient toujours leurs anciennes robes comme si rien n'était changé. Quelques jours après, le roi dieu appris cela par une princesse de Navarre nommee maria. Maria envoya un message a la reine corneille demandant pardon et lui disant qu'elle désirait rendre les reines libres. La reine corneille répondit qu'elle ferait cela seulement lorsque les reines avoient donné chacune à maria soixante deniers d'or. Maria accepta cet engagement et alla trouver les reines. Elles lui donnèrent trente deniers d'or chacun. Alors la reine corneille déclara la paix et arracha les armes françaises de derrière les pieds des deux reines. Elles firent alors retour chez elles. Seigneurie sainte, sanctification, gloires, magnificences ! O deus! O Deum! Amen. N. E. M. P. V. B. I. D. J. R. H. G. A. W. F. Q. M. X. K. U. M. L. M. H. M. N. M. M. M. M. M. M. M. M. M. M. M. M. M. M. M. M. M. M. M. M. M. M. M. M. M. M. M. M. M. M. M. M. M. M. M. M. M. M. M. M. M. M. M. M. M. M. M. M. M. M. M. M. M. M. M. M. M. M. M. M. M. M. M. M. M. M. M. M. M. M. M. M. M. M. M. M. M. M. M. M. M. M. M. M. M. M. M. M. M. M. M. M. M. M. M. M. M. M. M. M. M. M. M. M. M. M. M. M. M. M. M. M. M. M. M. M. M. M. M. M. M. M. M. M. M. M. M. M. M. M. M. M. M. M. M. M. M. M. M. M. M. M. M. M. M. M. M. M. M. M. M. M. M. M. M. M. M. M. M. M. M. M. M. M. M. M. M. M. M. M. M. M. M. M. M. M. M. M. M. M. M. M. M. M. M. M. M. M. M. M. M. M. M. M. M. M. M. M. M. M. M. M. M. M. M. M. M. M. M. M. M. M. M. M. M. M. M. M. M. M. M. M. M. M. M. M. M. M. M. M. M. M. M. M. M. M. M. M. M. M. M. M. M. M. M. M. M. M. M. M. M. M. M. M. M. M. M. M. M. M. M. M. M. M. M. M. M. M. M. M. M. M. M. M. M. M. M. M. M. M. M. M. M. M. M. M. M. M. M. M. M. M. M. M. M. M. M. M. M. M. M. M. M. M. M. M. M. M. M. M. M. M. M. M. M. M. M. M. M. M. M. M. M. M. M. M. M. M. M. M. M. M. M. M. M. M. M. M. M. M. M. M. M. M. M. M. M. M. M. M. M. M. M. M. M. M. M. M. M. M. M. M. M. M. M. M. M. M. M. M. M. M. M. M. M. M. M. M. M. M. M. M. M. M. M. M. M. M. M. M. M. M. M. M. M. M. M. M. M. M. M. M. M. M. M. M. M. M. M. M. M. M. M. M. M. M. M. M. M. M. M. M. M. M. M. M. M. M. M. M. M. M. M. M. M. M. M. M. M. M. M. M. M. M. M. M. M. M. M. M. M. M. M. M. M. M. M. M. M. M. M. M. M. M. M. M. M. M. M. M. M. M. M. M. M. M. M. M. M. M. M. M. M. M. M. M. M. M. M. M. M. M. M. M. M. M. M. M. M. M. M.
2567 741 1319 203 il ne li failli onq̃s nl̾

2562 907 1297 277 le chose. Tout uoit : to

2562 1147 1238 256 ut tient en sa main.

2546 1360 1308 262 Il not onq̃s ne faim.

2567 1595 1254 235 ne soif. ne tans. ne :

2572 1798 1255 261 mois. ne heure. Ainz

2556 2033 1298 256 demuere tout ades en

2551 2252 1308 256 touz biens. Car a lui

2546 2454 1308 225 na fiert ne tost. ne tart.

2556 2652 1319 272 quẽ qui onq̃s fust. ne

2556 2876 1271 245 qui ia soit il est touz

2546 3089 1302 262 iourz deuant les ieulz.

2551 3308 1303 230 autresi bien li loing cõ

2551 3500 1270 289 me li pres. Tout ausi

2546 3714 1281 240 bien ueoit il le monde

2551 3954 1276 219 ainz quil feust faiz. ⁊

2546 4130 1286 256 me fait orendroit.

2524 4306 1335 315 Et se il neust onq̃s

2519 4568 1286 299 fait le monde: autre
